<record><leader>00000cas a2200000 a 4500</leader><controlfield tag="001">9463686</controlfield><controlfield tag="008">830429d190819uutxuwr ne      0    0cze c</controlfield><datafield ind1=" " ind2=" " tag="010"><subfield code="a">sn 83045429 </subfield></datafield><datafield ind1=" " ind2=" " tag="040"><subfield code="a">CRL</subfield><subfield code="b">eng</subfield><subfield code="c">CRL</subfield><subfield code="d">NPW</subfield><subfield code="d">DLC</subfield><subfield code="d">PPM</subfield><subfield code="d">NVF</subfield><subfield code="d">OCLCQ</subfield><subfield code="d">OCLCF</subfield><subfield code="d">OCLCO</subfield></datafield><datafield ind1="1" ind2=" " tag="029"><subfield code="a">AU@</subfield><subfield code="b">000025813575</subfield></datafield><datafield ind1="0" ind2=" " tag="041"><subfield code="a">czeeng</subfield></datafield><datafield ind1=" " ind2=" " tag="042"><subfield code="a">pcc</subfield></datafield><datafield ind1=" " ind2=" " tag="043"><subfield code="a">n-us-tx</subfield></datafield><datafield ind1="0" ind2="0" tag="050"><subfield code="a">Newspaper 7002</subfield></datafield><datafield ind1="0" ind2=" " tag="130"><subfield code="a">Texan (Galveston, Tex.: 1908)</subfield></datafield><datafield ind1="1" ind2="0" tag="245"><subfield code="a">Texan.</subfield></datafield><datafield ind1=" " ind2=" " tag="260"><subfield code="a">Galveston, Tex. :</subfield><subfield code="b">Bohemian Pub. Co.</subfield></datafield><datafield ind1=" " ind2=" " tag="300"><subfield code="a">v.</subfield></datafield><datafield ind1=" " ind2=" " tag="310"><subfield code="a">Weekly</subfield></datafield><datafield ind1="0" ind2=" " tag="362"><subfield code="a">Vol. 1, no. 1 (Dec. 1, 1908)-</subfield></datafield><datafield ind1=" " ind2=" " tag="500"><subfield code="a">Published in: Houston, Tex., &lt;Jan. 6, 1944-Oct. 10, 1946&gt;.</subfield></datafield><datafield ind1=" " ind2=" " tag="546"><subfield code="a">In Czech and English.</subfield></datafield><datafield ind1=" " ind2="0" tag="650"><subfield code="a">Czechs</subfield><subfield code="z">Texas</subfield><subfield code="v">Newspapers.</subfield></datafield><datafield ind1=" " ind2="0" tag="651"><subfield code="a">Houston (Tex.)</subfield><subfield code="v">Newspapers.</subfield></datafield><datafield ind1=" " ind2="0" tag="651"><subfield code="a">Galveston (Tex.)</subfield><subfield code="v">Newspapers.</subfield></datafield><datafield ind1=" " ind2="0" tag="651"><subfield code="a">Granger (Tex.)</subfield><subfield code="v">Newspapers.</subfield></datafield><datafield ind1=" " ind2="7" tag="655"><subfield code="a">Newspapers.</subfield><subfield code="2">fast</subfield><subfield code="0">(OCoLC)fst01423814</subfield></datafield><datafield ind1=" " ind2="7" tag="650"><subfield code="a">Czechs.</subfield><subfield code="2">fast</subfield><subfield code="0">(OCoLC)fst00886455</subfield></datafield><datafield ind1=" " ind2="7" tag="651"><subfield code="a">Texas.</subfield><subfield code="2">fast</subfield><subfield code="0">(OCoLC)fst01210336</subfield></datafield><datafield ind1=" " ind2="7" tag="651"><subfield code="a">Texas</subfield><subfield code="z">Galveston.</subfield><subfield code="2">fast</subfield><subfield code="0">(OCoLC)fst01212106</subfield></datafield><datafield ind1=" " ind2="7" tag="651"><subfield code="a">Texas</subfield><subfield code="z">Granger.</subfield><subfield code="2">fast</subfield><subfield code="0">(OCoLC)fst01258904</subfield></datafield><datafield ind1=" " ind2="7" tag="651"><subfield code="a">Texas</subfield><subfield code="z">Houston.</subfield><subfield code="2">fast</subfield><subfield code="0">(OCoLC)fst01205077</subfield></datafield><datafield ind1=" " ind2=" " tag="752"><subfield code="a">United States</subfield><subfield code="b">Texas</subfield><subfield code="c">Harris</subfield><subfield code="d">Houston.</subfield></datafield><datafield ind1=" " ind2=" " tag="752"><subfield code="a">United States</subfield><subfield code="b">Texas</subfield><subfield code="c">Galveston</subfield><subfield code="d">Galveston.</subfield></datafield><datafield ind1=" " ind2=" " tag="752"><subfield code="a">United States</subfield><subfield code="b">Texas</subfield><subfield code="c">Williamson</subfield><subfield code="d">Granger.</subfield></datafield></record>